<?xml version="1.0" encoding="UTF-8"?><collection xmlns="http://www.loc.gov/MARC21/slim"><record><leader>00374nam--2200133-i-4500</leader><controlfield tag="001">000029691</controlfield><controlfield tag="002">20161230</controlfield><controlfield tag="005">20161230201037</controlfield><controlfield tag="008">060222s1000------------r-----000-0-eng-d</controlfield><datafield ind1=" " ind2=" " tag="080"><subfield code="a">621.375.826(061.3)</subfield></datafield><datafield ind1=" " ind2=" " tag="245"><subfield code="a">Laser interaction and related plasma phenomena</subfield></datafield><datafield ind1=" " ind2=" " tag="260"><subfield code="a">New York, Plenum Press, 1971, X+ 583p</subfield></datafield><datafield ind1=" " ind2=" " tag="700"><subfield code="a">Helmut J.Schwarz And Heinrich Hora</subfield></datafield><datafield ind1=" " ind2=" " tag="852"><subfield code="a">35203</subfield></datafield></record></collection>